<record><leader>00000cas a22000007a 4500</leader><controlfield tag="001">13291327</controlfield><controlfield tag="008">860313d19001962wvuwr ne      0    0eng d</controlfield><datafield ind1=" " ind2=" " tag="010"><subfield code="a">sn 86092365 </subfield></datafield><datafield ind1=" " ind2=" " tag="040"><subfield code="a">WVC</subfield><subfield code="b">eng</subfield><subfield code="c">WVC</subfield><subfield code="d">OCL</subfield><subfield code="d">OCLCQ</subfield></datafield><datafield ind1=" " ind2=" " tag="042"><subfield code="a">msc</subfield></datafield><datafield ind1="0" ind2=" " tag="130"><subfield code="a">Tyler County journal (Sistersville, W. Va.)</subfield></datafield><datafield ind1="1" ind2="0" tag="245"><subfield code="a">Tyler County journal.</subfield></datafield><datafield ind1=" " ind2=" " tag="260"><subfield code="a">Sistersville, W. Va. :</subfield><subfield code="b">Journal Publ. Co.,</subfield><subfield code="c">-1962.</subfield></datafield><datafield ind1=" " ind2=" " tag="300"><subfield code="a">v.</subfield></datafield><datafield ind1=" " ind2=" " tag="310"><subfield code="a">Weekly</subfield></datafield><datafield ind1="1" ind2=" " tag="362"><subfield code="a">Established in 1900.</subfield><subfield code="z">Cf. Masthead.</subfield></datafield><datafield ind1="0" ind2=" " tag="362"><subfield code="a">-Aug. 2, 1962.</subfield></datafield><datafield ind1=" " ind2=" " tag="500"><subfield code="a">Published in Middlebourne, W. Va. Jan. 21, 1904-Apr. 1955 and July, 1959-Aug. 2, 1962.</subfield></datafield><datafield ind1=" " ind2=" " tag="500"><subfield code="a">Editor: James L. Mason.</subfield></datafield><datafield ind1=" " ind2=" " tag="588"><subfield code="a">Description based on: Vol. 6, no. 68 (Aug. 6, 1903).</subfield></datafield><datafield ind1=" " ind2=" " tag="752"><subfield code="a">United States</subfield><subfield code="b">West Virginia</subfield><subfield code="c">Tyler</subfield><subfield code="d">Sistersville.</subfield></datafield><datafield ind1="0" ind2="0" tag="785"><subfield code="t">Journal (Paden City, W. Va.)</subfield><subfield code="w">(DLC)sn 86092366</subfield></datafield><datafield ind1="1" ind2=" " tag="029"><subfield code="a">AU@</subfield><subfield code="b">000023451144</subfield></datafield></record>